@inbook{adams_2015_conducting,
  author = {Adams, William C.},
  title = {Conducting Semi-Structured Interviews},
  booktitle = {Handbook of Practical Program Evaluation},
  publisher = {John Wiley \& Sons, Inc.},
  chapter = {19},
  pages = {492-505},
  year = {2015},
  doi = {10.1002/9781119171386.ch19}
}

@misc{alaboudi_2021_debugging_episodes,
  author = {Abdulaziz Alaboudi and Thomas D. LaToza},
  title = {An Exploratory Study of Debugging Episodes}, 
  year = {2021},
  eprint = {2105.02162},
  archivePrefix = {arXiv},
  primaryClass = {cs.SE}
}

@inproceedings{alaboudi_2021_edit,
  author = {Alaboudi, Abdulaziz and LaToza, Thomas D.},
  title = {Edit - Run Behavior in Programming and Debugging},
  booktitle = {Proceedings of the 2021 Symposium on Visual Languages and Human-Centric Computing},
  publisher = {{IEEE}},
  pages = {1--10},
  year = {2021},
  doi = {10.1109/VL/HCC51201.2021.9576170},
}

@inproceedings{badihi_2020_ardiff,
  author = {Badihi, Sahar and Akinotcho, Faridah and Li, Yi and Rubin, Julia},
  title = {{ARDiff}: Scaling Program Equivalence Checking via Iterative Abstraction and Refinement of Common Code},
  booktitle = {Proceedings of the 28th Joint Meeting on European Software Engineering Conference and Symposium on the Foundations of Software Engineering},
  publisher = {ACM},
  pages = {13-24},
  year = {2020},
  doi = {10.1145/3368089.3409757},
}

@article{baldoni_2018_survey,
  author = {Baldoni, Roberto and Coppa, Emilio  and D'Elia, Daniele C.  and Demetrescu, Camil  and Finocchi, Irene},
  title = {A Survey of Symbolic Execution Techniques},
  journal = {{ACM} Computing Surveys},
  volume = {51},
  number = {3},
  pages = {50:1--50:39},
  year = {2018},
  doi = {10.1145/3182657},
}

@inproceedings{beller_2018_dichotomy,
  author = {Beller, Moritz and Spruit, Niels and Spinellis, Diomidis and Zaidman, Andy},
  title = {On the Dichotomy of Debugging Behavior Among Programmers},
  booktitle = {Proceedings of the 40th International Conference on Software Engineering},
  publisher = {{ACM}},
  pages = {572--583},
  year = {2018},
  doi ={10.1145/3180155.3180175},
}

@inproceedings{boehme_2013_prv,
  author = {Böhme, Marcel and Oliveira, Bruno C. D. S. and Roychoudhury, Abhik},
  title = {Partition-based Regression Verification}, 
  booktitle = {Proceedings of the 35th International Conference on Software Engineering}, 
  publisher = {IEEE},
  year = {2013},
  pages = {302-311},
  doi = {10.1109/ICSE.2013.6606576},
}

@inproceedings{falleri_2014_gumtree,
  author = {Falleri, Jean-R\'{e}my and Morandat, Flor\'{e}al and Blanc, Xavier and Martinez, Matias and Monperrus, Martin},
  title = {Fine-Grained and Accurate Source Code Differencing},
  booktitle = {Proceedings of the 29th International Conference on Automated Software Engineering},
  publisher = {ACM},
  year = {2014},
  pages = {313-324},
  doi = {10.1145/2642937.2642982},
}

@inproceedings{frick_2018_ijm,
  author = {Frick, Veit and Grassauer, Thomas and Beck, Fabian and Pinzger, Martin},
  title = {Generating Accurate and Compact Edit Scripts Using Tree Differencing}, 
  booktitle = {Proceedings of the 2018 International Conference on Software Maintenance and Evolution}, 
  publisher = {IEEE},
  year = {2018},
  pages = {264-274},
  doi = {10.1109/ICSME.2018.00036},
}

@article{gall_2009_changedistiller,
  author = {Gall, Harald C. and Fluri, Beat and Pinzger, Martin},
  journal = {IEEE Software}, 
  title = {Change Analysis with Evolizer and ChangeDistiller}, 
  year = {2009},
  volume = {26},
  number = {1},
  pages = {26-33},
  doi = {10.1109/MS.2009.6},
}

@misc{glock_2023_pasda_preprint,
  author = {Johann Glock and Josef Pichler and Martin Pinzger},
  title = {PASDA: A Partition-based Semantic Differencing Approach with Best Effort Classification of Undecided Cases}, 
  year = {2023},
  eprint = {2311.08071},
  archivePrefix = {arXiv},
  primaryClass = {cs.SE}
}

@online{glock_2023_replicationpackage,
  author = {Glock, Johann and Pichler, Josef and Pinzger, Martin},
  title = {Replication Package for: "{PASDA}: A Partition-based Semantic Differencing Approach with Best Effort Classification of Undecided Cases"},
  year = {2023},
  doi = {10.5281/zenodo.7595851}
}

@inproceedings{hoffswell_2018_augmenting,
  author = {Hoffswell, Jane and Satyanarayan, Arvind and Heer, Jeffrey},
  title = {Augmenting Code with In Situ Visualizations to Aid Program Understanding},
  booktitle = {Proceedings of the 2018 {CHI} Conference on Human Factors in Computing Systems},
  publisher = {{ACM}},
  year = {2018},
  doi = {10.1145/3173574.3174106},
}

@inproceedings{jakobs_2021_peqcheck,
  author = {Jakobs, Marie-Christine},
  title = {{PEQcheck}: Localized and Context-Aware Checking of Functional Equivalence},
  booktitle = {Proceedings of the 9th International Conference on Formal Methods in Software Engineering},
  publisher = {IEEE},
  pages = {130-140},
  year = {2021},
  doi = {10.1109/FormaliSE52586.2021.00019},
}

@article{king_1976_symbolic,
  author = {King, James C.},
  title = {Symbolic Execution and Program Testing},
  journal = {Communications of the ACM},
  volume = {19},
  number = {7},
  pages = {385--394},
  year = {1976},
  doi = {10.1145/360248.360252},
}

@article{jifeng_2017_nopol,
  author = {Xuan, Jifeng and Martinez, Matias and Demarco, Favio and Clement, Maxime and {Lamelas Marcote}, Sebastian R. and Durieux, Thomas and {Le Berre}, Daniel and Monperrus, Martin},
  title = {Nopol: Automatic Repair of Conditional Statement Bugs in Java Programs},
  journal = {{IEEE} Transactions on Software Engineering},
  volume = {43},
  number = {1},
  pages = {34--55},
  year = {2017},
  doi = {10.1109/TSE.2016.2560811},
}

@inproceedings{kochhar_2016_practitioners,
  author = {Kochhar, Pavneet Singh  and Xia, Xin  and Lo, David  and Li, Shanping},
  title = {Practitioners' Expectations on Automated Fault Localization},
  booktitle = {Proceedings of the 25th International Symposium on Software Testing and Analysis},
  publisher = {{ACM}},
  pages = {165--176},
  year = {2016},
  doi = {10.1145/2931037.2931051},
}

@inproceedings{layman_2013_debugging,
  author = {Layman, Lucas and Diep, Madeline and Nagappan, Meiyappan and Singer, Janice and DeLine, Robert and Venolia, Gina},
  title = {Debugging Revisited: Toward Understanding the Debugging Needs of Contemporary Software Developers},
  booktitle = {Proceedings of the 2013 International Symposium on Empirical Software Engineering and Measurement},
  publisher = {{IEEE}},
  pages = {383--392},
  year = {2013},
  doi = {10.1109/ESEM.2013.43},
}

@article{legoues_2019_apr,
  author = {{Le Goues}, Claire and Pradel, Michael and Roychoudhury, Abhik},
  title = {Automated Program Repair},
  journal = {Communications of the {ACM}},
  volume = {62},
  number = {12},
  pages = {56--65},
  year = {2019},
  doi = {10.1145/3318162},
}

@inproceedings{mechtaev_2016_angelix,
  author = {Mechtaev, Sergey and Yi, Jooyong and Roychoudhury, Abhik},
  title = {Angelix: Scalable Multiline Program Patch Synthesis via Symbolic Analysis},
  booktitle = {Proceedings of the 38th International Conference on Software Engineering},
  publisher = {{ACM}},
  year = {2016},
  pages = {691--701},
  doi = {10.1145/2884781.2884807},
}

@article{monperrus_2018_bibliography,
  author = {Monperrus, Martin},
  title = {Automatic Software Repair: A Bibliography},
  journal = {{ACM} Computing Surveys},
  volume = {51},
  number = {1},
  pages = {17:1--17:24},
  year = {2018},
  doi = {10.1145/3105906},
}

@inproceedings{noller_2022_trust_issues,
  author = {Noller, Yannic and Shariffdeen, Ridwan and Gao, Xiang and Roychoudhury, Abhik},
  title = {Trust Enhancement Issues in Program Repair},
  booktitle = {Proceedings of the 44th International Conference on Software Engineering},
  publisher = {{ACM}},
  year = {2022},
  pages = {2228--2240},
  doi = {10.1145/3510003.3510040},
}

@inproceedings{parnin_2011_debugging_help,
  author = {Parnin, Chris and Orso, Alessandro},
  title = {Are Automated Debugging Techniques Actually Helping Programmers?},
  booktitle = {Proceedings of the 2011 International Symposium on Software Testing and Analysis},
  publisher = {{ACM}},
  year = {2011},
  pages = {199--209},
  doi = {10.1145/2001420.2001445},
}

@inproceedings{person_2008_dse,
  author = {Person, Suzette and Dwyer, Matthew B. and Elbaum, Sebastian and Pǎsǎreanu, Corina S.},
  title = {Differential Symbolic Execution},
  booktitle = {Proceedings of the 16th International Symposium on Foundations of Software Engineering},
  publisher = {{ACM}},
  pages = {226--237},
  year = {2008},
  doi = {10.1145/1453101.1453131},
}

@article{winter_2023_developers_feel,
  author = {Winter, Emily and Bowes, David and Counsell, Steve and Hall, Tracy and Haraldsson, Saemundur O. and Nowack, Vesna and Woodward, John R.},
  title = {How do Developers Really Feel About Bug Fixing? Directions for Automatic Program Repair},
  journal = {{IEEE} Transactions on Software Engineering},
  volume = {49},
  number = {4},
  pages = {1823--1841},
  year = {2023},
  doi = {10.1109/TSE.2022.3194188},
}

@article{wong_2016_survey,
  title = {A Survey on Software Fault Localization},
  author = {Wong, W. Eric and Gao, Ruizhi and Li, Yihao and Abreu, Rui and Wotawa, Franz},
  year = {2016},
  journal = {IEEE Transactions on Software Engineering},
  volume = {40},
  number = {8},
  pages = {707--740},
  doi = {10.1109/TSE.2016.2521368},
}

@book{someren_1994_think_aloud,
  author = {{van Someren}, M. W. and Barnard, Y. F. and Sandberg, J. A. C.},
  year = {1994},
  title = {The Think Aloud Method: A Practical Approach to Modelling Cognitive Processes},
  publisher = {Academic Press},
  isbn = {0-12-714270-3},
  url = {https://dare.uva.nl/search?identifier=7fef37d5-8ead-44c6-af62-0feeea18d445},
  addendum = "(accessed: 2023-05-04)",
}

@article{sulir_2018_visual_augmentation,
  author = {Sulír, Matúš and Bačíková, Michaela and Chodarev, Sergej and Porubän, Jaroslav},
  title = {Visual Augmentation of Source Code Editors: A Systematic Mapping Study},
  journal = {Journal of Visual Languages \& Computing},
  volume = {49},
  pages = {46--59},
  year = {2018},
  doi = {10.1016/j.jvlc.2018.10.001},
}
